<?xml version="1.0" encoding="UTF-8"?>
<marc:collection xmlns:marc="http://www.loc.gov/MARC21/slim" xmlns:xsi="http://www.w3.org/2001/XMLSchema-instance" xsi:schemaLocation="http://www.loc.gov/MARC21/slim http://www.loc.gov/standards/marcxml/schema/MARC21slim.xsd">
   <marc:record type="Bibliographic">
      <marc:leader>01272cam a2200265M  4500</marc:leader>
      <marc:controlfield tag="001">2751710</marc:controlfield>
      <marc:controlfield tag="003">NjP</marc:controlfield>
      <marc:controlfield tag="005">20130529094356.0</marc:controlfield>
      <marc:controlfield tag="008">870515m19599999ir h     b    000 0 arax </marc:controlfield>
      <marc:datafield tag="024" ind1="7" ind2=" ">
         <marc:subfield code="a">princeton_aco000891</marc:subfield>
         <marc:subfield code="2">local</marc:subfield>
      </marc:datafield>
      <marc:datafield tag="010" ind1=" " ind2=" ">
         <marc:subfield code="a">   72225620  </marc:subfield>
      </marc:datafield>
      <marc:datafield tag="035" ind1=" " ind2=" ">
         <marc:subfield code="a">(OCoLC)ocm16139677</marc:subfield>
      </marc:datafield>
      <marc:datafield tag="035" ind1=" " ind2=" ">
         <marc:subfield code="9">CNE4081TS</marc:subfield>
      </marc:datafield>
      <marc:datafield tag="040" ind1=" " ind2=" ">
         <marc:subfield code="a">DLC</marc:subfield>
         <marc:subfield code="c">NYP</marc:subfield>
         <marc:subfield code="d">PUL</marc:subfield>
      </marc:datafield>
      <marc:datafield tag="050" ind1="0" ind2="0">
         <marc:subfield code="a">BP130.4.T338</marc:subfield>
         <marc:subfield code="b">T3</marc:subfield>
      </marc:datafield>
      <marc:datafield tag="100" ind1="1" ind2=" ">
         <marc:subfield code="a">Vaḥīd al-Zamān Qazvīnī, Muḥammad Ṭāhir,</marc:subfield>
         <marc:subfield code="d">-approximately 1708 or 1709.</marc:subfield>
      </marc:datafield>
      <marc:datafield tag="245" ind1="1" ind2="0">
         <marc:subfield code="a">Sharḥ shawāhid Majmaʻ al-bayān,</marc:subfield>
         <marc:subfield code="c">li-Muḥammad Ḥusayn ibn al-Mīrzā al-Ṭāhir al-Qazwīnī. Ṣaḥḥaḥahu wa-ʻallaqa ʻalayhi al-Sayyid Kāẓim al-Mūsāwī al-Mayāmawī.</marc:subfield>
      </marc:datafield>
      <marc:datafield tag="260" ind1=" " ind2=" ">
         <marc:subfield code="a">Ṭihrān :</marc:subfield>
         <marc:subfield code="b">Dār al-Kutub al-Islāmī,</marc:subfield>
         <marc:subfield code="c">1338- [1959 or 60-</marc:subfield>
      </marc:datafield>
      <marc:datafield tag="300" ind1=" " ind2=" ">
         <marc:subfield code="a">pt. in v.</marc:subfield>
         <marc:subfield code="b">facsims.</marc:subfield>
         <marc:subfield code="c">25 cm.</marc:subfield>
      </marc:datafield>
      <marc:datafield tag="500" ind1=" " ind2=" ">
         <marc:subfield code="a">In Arabic.</marc:subfield>
      </marc:datafield>
      <marc:datafield tag="500" ind1=" " ind2=" ">
         <marc:subfield code="a">A commentary on Majmaʻ al-bayān by al-Faḍl ibn al-Ḥasan al-Ṭabarsī.</marc:subfield>
      </marc:datafield>
      <marc:datafield tag="504" ind1=" " ind2=" ">
         <marc:subfield code="a">Includes bibliographical references.</marc:subfield>
      </marc:datafield>
      <marc:datafield tag="600" ind1="1" ind2="0">
         <marc:subfield code="a">Ṭabarsī, al-Faḍl ibn al-Ḥasan,</marc:subfield>
         <marc:subfield code="d">-1153.</marc:subfield>
         <marc:subfield code="t">Majmaʻ al-bayān fī tafsīr al-Qurʼān.</marc:subfield>
      </marc:datafield>
      <marc:datafield tag="700" ind1="1" ind2="2">
         <marc:subfield code="a">Ṭabarsī, al-Faḍl ibn al-Ḥasan,</marc:subfield>
         <marc:subfield code="d">-1153.</marc:subfield>
         <marc:subfield code="t">Majmaʻ al-bayān fī tafsīr al-Qurʼān.</marc:subfield>
      </marc:datafield>
      <marc:datafield tag="852" ind1="0" ind2=" ">
         <marc:subfield code="b">nec</marc:subfield>
         <marc:subfield code="h">BP130.4.T338</marc:subfield>
         <marc:subfield code="i">T3 1959</marc:subfield>
         <marc:subfield code="p">3062437</marc:subfield>
         <marc:subfield code="x">reclassed from: 2273.944.742</marc:subfield>
      </marc:datafield>
      <marc:datafield tag="945" ind1=" " ind2=" ">
         <marc:subfield code="a">F</marc:subfield>
         <marc:subfield code="b">1</marc:subfield>
         <marc:subfield code="c">2273.944.742</marc:subfield>
         <marc:subfield code="e">pt.1-8</marc:subfield>
      </marc:datafield>
      <marc:datafield tag="911" ind1=" " ind2=" ">
         <marc:subfield code="a">20000130</marc:subfield>
      </marc:datafield>
   </marc:record>
</marc:collection>
